<?xml version="1.0"?>
<record xmlns="http://www.loc.gov/MARC21/slim">
  <leader>02747cjm a2200601Ii 4500</leader>
  <controlfield tag="001">a11415622</controlfield>
  <controlfield tag="003">SIRSI</controlfield>
  <controlfield tag="005">20151011003002.0</controlfield>
  <controlfield tag="007">sq zmnznnmznnb</controlfield>
  <controlfield tag="008">151005r197119uucaumunn           n zxx d</controlfield>
  <datafield ind1="0" ind2="2" tag="028">
    <subfield code="a">7205</subfield>
    <subfield code="b">De Luxe</subfield>
  </datafield>
  <datafield ind1="0" ind2="2" tag="028">
    <subfield code="a">7247</subfield>
    <subfield code="b">De Luxe</subfield>
  </datafield>
  <datafield ind1="0" ind2="2" tag="028">
    <subfield code="a">3938</subfield>
    <subfield code="b">De Luxe</subfield>
  </datafield>
  <datafield ind1=" " ind2=" " tag="040">
    <subfield code="a">STF</subfield>
    <subfield code="b">eng</subfield>
    <subfield code="e">rda</subfield>
    <subfield code="c">STF</subfield>
    <subfield code="d">UtOrBLW</subfield>
  </datafield>
  <datafield ind1=" " ind2=" " tag="047">
    <subfield code="a">wz</subfield>
    <subfield code="a">mz</subfield>
    <subfield code="a">nc</subfield>
  </datafield>
  <datafield ind1=" " ind2=" " tag="049">
    <subfield code="a">STFA</subfield>
  </datafield>
  <datafield ind1="1" ind2=" " tag="100">
    <subfield code="a">Chopin, Fr&#xE9;d&#xE9;ric,</subfield>
    <subfield code="d">1810-1849,</subfield>
    <subfield code="e">composer.</subfield>
    <subfield code=" ">^A197663</subfield>
  </datafield>
  <datafield ind1="1" ind2="0" tag="240">
    <subfield code="a">Piano music.</subfield>
    <subfield code="k">Selections</subfield>
    <subfield code=" ">^A197663</subfield>
  </datafield>
  <datafield ind1="1" ind2="0" tag="245">
    <subfield code="a">By Chopin.</subfield>
  </datafield>
  <datafield ind1=" " ind2="1" tag="264">
    <subfield code="a">North Hollywood, California :</subfield>
    <subfield code="b">Harold L. Powell Associates,</subfield>
    <subfield code="c">[1971?]</subfield>
  </datafield>
  <datafield ind1=" " ind2=" " tag="300">
    <subfield code="a">1 audio roll ;</subfield>
    <subfield code="c">12 1/4 in. x 2 3/4 in.</subfield>
  </datafield>
  <datafield ind1=" " ind2=" " tag="336">
    <subfield code="a">performed music</subfield>
    <subfield code="2">rdacontent</subfield>
  </datafield>
  <datafield ind1=" " ind2=" " tag="337">
    <subfield code="a">audio</subfield>
    <subfield code="2">rdamedia</subfield>
  </datafield>
  <datafield ind1=" " ind2=" " tag="338">
    <subfield code="a">audio roll</subfield>
    <subfield code="2">rdacarrier</subfield>
  </datafield>
  <datafield ind1=" " ind2=" " tag="344">
    <subfield code="a">analog</subfield>
    <subfield code="b">mechanical</subfield>
  </datafield>
  <datafield ind1="0" ind2="1" tag="382">
    <subfield code="a">piano</subfield>
    <subfield code="n">1</subfield>
    <subfield code="s">1</subfield>
    <subfield code="2">lcmpt</subfield>
  </datafield>
  <datafield ind1=" " ind2=" " tag="500">
    <subfield code="a">Title from roll.</subfield>
  </datafield>
  <datafield ind1="0" ind2=" " tag="511">
    <subfield code="a">Vladimir de Pachmann (1st and 2nd work); Rudolph Ganz (3rd work), piano.</subfield>
  </datafield>
  <datafield ind1=" " ind2=" " tag="500">
    <subfield code="a">Welte-Mignon licensee roll.</subfield>
  </datafield>
  <datafield ind1="0" ind2=" " tag="505">
    <subfield code="a">Waltz in D flat, op 64, no. 1 (Minute waltz) -- Mazurka in A minor, op. 67, no. 4 -- Nocturne in B flat, op. 9, no. 1.</subfield>
  </datafield>
  <datafield ind1=" " ind2=" " tag="500">
    <subfield code="a">1st work: Recut. Originally released individually as a De Luxe roll, number C-7205, issued in 1925.</subfield>
  </datafield>
  <datafield ind1=" " ind2=" " tag="500">
    <subfield code="a">2nd work: Recut. Originally released individually as a De Luxe roll, number C-7247, issued in 1926.</subfield>
  </datafield>
  <datafield ind1=" " ind2=" " tag="500">
    <subfield code="a">3rd work: Recut. Originally released individually as a Welte-Mignon red roll, number 3938, issued between 1916 and 1920.</subfield>
  </datafield>
  <datafield ind1=" " ind2="0" tag="650">
    <subfield code="a">Waltzes.</subfield>
    <subfield code=" ">^A1328649</subfield>
  </datafield>
  <datafield ind1=" " ind2="0" tag="650">
    <subfield code="a">Mazurkas.</subfield>
    <subfield code=" ">^A1037937</subfield>
  </datafield>
  <datafield ind1=" " ind2="0" tag="650">
    <subfield code="a">Piano music.</subfield>
    <subfield code=" ">^A1049172</subfield>
  </datafield>
  <datafield ind1=" " ind2="0" tag="650">
    <subfield code="a">Player piano rolls.</subfield>
    <subfield code=" ">^A1050086</subfield>
  </datafield>
  <datafield ind1=" " ind2="7" tag="655">
    <subfield code="a">Waltzes (Music)</subfield>
    <subfield code="2">lcgft</subfield>
    <subfield code=" ">^A3344912</subfield>
  </datafield>
  <datafield ind1=" " ind2="7" tag="655">
    <subfield code="a">Mazurkas (Music)</subfield>
    <subfield code="2">lcgft</subfield>
    <subfield code=" ">^A3344870</subfield>
  </datafield>
  <datafield ind1=" " ind2="7" tag="655">
    <subfield code="a">Reproducing piano rolls.</subfield>
    <subfield code="2">local</subfield>
    <subfield code=" ">UNAUTHORIZED</subfield>
  </datafield>
  <datafield ind1=" " ind2="7" tag="655">
    <subfield code="a">Recut piano rolls.</subfield>
    <subfield code="2">local</subfield>
    <subfield code=" ">UNAUTHORIZED</subfield>
  </datafield>
  <datafield ind1="1" ind2="2" tag="700">
    <subfield code="i">Container of (work):</subfield>
    <subfield code="a">Chopin, Fr&#xE9;d&#xE9;ric,</subfield>
    <subfield code="d">1810-1849.</subfield>
    <subfield code="t">Waltzes,</subfield>
    <subfield code="m">piano,</subfield>
    <subfield code="n">op. 64.</subfield>
    <subfield code="n">No. 1.</subfield>
    <subfield code=" ">^A271733</subfield>
  </datafield>
  <datafield ind1="1" ind2="2" tag="700">
    <subfield code="i">Container of (work):</subfield>
    <subfield code="a">Chopin, Fr&#xE9;d&#xE9;ric,</subfield>
    <subfield code="d">1810-1849.</subfield>
    <subfield code="t">Mazurkas,</subfield>
    <subfield code="m">piano,</subfield>
    <subfield code="n">op. 67.</subfield>
    <subfield code="n">No. 4.</subfield>
    <subfield code=" ">^A1540127</subfield>
  </datafield>
  <datafield ind1="1" ind2="2" tag="700">
    <subfield code="i">Container of (work):</subfield>
    <subfield code="a">Chopin, Fr&#xE9;d&#xE9;ric,</subfield>
    <subfield code="d">1810-1849.</subfield>
    <subfield code="t">Nocturnes,</subfield>
    <subfield code="m">piano,</subfield>
    <subfield code="n">op. 9.</subfield>
    <subfield code="n">No. 1.</subfield>
    <subfield code=" ">^A1540088</subfield>
  </datafield>
  <datafield ind1="1" ind2=" " tag="700">
    <subfield code="a">Ganz, Rudolph,</subfield>
    <subfield code="d">1877-1972,</subfield>
    <subfield code="e">instrumentalist.</subfield>
    <subfield code=" ">^A851731</subfield>
  </datafield>
  <datafield ind1="1" ind2=" " tag="700">
    <subfield code="a">Pachmann, Vladimir de,</subfield>
    <subfield code="d">1848-1933,</subfield>
    <subfield code="e">instrumentalist.</subfield>
    <subfield code=" ">^A472460</subfield>
  </datafield>
  <datafield ind1="2" ind2=" " tag="710">
    <subfield code="a">Harold L. Powell Associates,</subfield>
    <subfield code="e">publisher.</subfield>
    <subfield code=" ">UNAUTHORIZED</subfield>
  </datafield>
  <datafield ind1=" " ind2=" " tag="916">
    <subfield code="a">DATE CATALOGED</subfield>
    <subfield code="b">20151005</subfield>
  </datafield>
  <datafield ind1=" " ind2=" " tag="994">
    <subfield code="a">C0</subfield>
    <subfield code="b">STF</subfield>
  </datafield>
  <datafield ind1=" " ind2="4" tag="690">
    <subfield code="a">Denis Condon Collection of Reproducing Pianos and Rolls.</subfield>
  </datafield>
  <datafield ind1=" " ind2=" " tag="035">
    <subfield code="a">(OCoLC-M)922898718</subfield>
  </datafield>
  <datafield ind1=" " ind2=" " tag="596">
    <subfield code="a">5</subfield>
  </datafield>
  <datafield ind1=" " ind2=" " tag="999">
    <subfield code="a">CONDON ROLL 1176</subfield>
    <subfield code="w">ALPHANUM</subfield>
    <subfield code="c">1</subfield>
    <subfield code="i">36105225771844</subfield>
    <subfield code="l">RECORDINGS</subfield>
    <subfield code="m">ARS</subfield>
    <subfield code="r">N</subfield>
    <subfield code="s">Y</subfield>
    <subfield code="t">NH-RCORDNG</subfield>
    <subfield code="u">10/5/2015</subfield>
  </datafield>
</record>
